<?xml version="1.0" encoding="UTF-8"?><record xmlns="http://www.loc.gov/MARC21/slim" xmlns:cinclude="http://apache.org/cocoon/include/1.0" xmlns:zs="http://www.loc.gov/zing/srw/">
  <leader>00738cz  a2200169n  4500</leader>
  <controlfield tag="001">n  86022158 </controlfield>
  <controlfield tag="003">DLC</controlfield>
  <controlfield tag="005">20150110073843.0</controlfield>
  <controlfield tag="008">860915n| azannaabn          |a ana     c</controlfield>
  <datafield tag="010" ind1=" " ind2=" ">
    <subfield code="a">n  86022158 </subfield>
  </datafield>
  <datafield tag="035" ind1=" " ind2=" ">
    <subfield code="a">(OCoLC)oca01704544</subfield>
  </datafield>
  <datafield tag="040" ind1=" " ind2=" ">
    <subfield code="a">TxU</subfield>
    <subfield code="b">eng</subfield>
    <subfield code="e">rda</subfield>
    <subfield code="c">DLC</subfield>
    <subfield code="d">DLC</subfield>
    <subfield code="d">IEN</subfield>
  </datafield>
  <datafield tag="110" ind1="2" ind2=" ">
    <subfield code="a">Latinamerikanska kvinnoföreningen (Stockholm, Sweden)</subfield>
  </datafield>
  <datafield tag="410" ind1="2" ind2=" ">
    <subfield code="a">ALAM (Asociación Latinoamericana de Mujeres)</subfield>
  </datafield>
  <datafield tag="410" ind1="2" ind2=" ">
    <subfield code="a">Asociación Latinoamericana de Mujeres (Stockholm, Sweden)</subfield>
  </datafield>
  <datafield tag="410" ind1="2" ind2=" ">
    <subfield code="a">Association of Latinamerican Women (Stockholm, Sweden)</subfield>
  </datafield>
  <datafield tag="670" ind1=" " ind2=" ">
    <subfield code="a">Micaela, aug.-sept. 1984:</subfield>
    <subfield code="b">verso of t.p. (Latinamerikanska kvinnoföreningen; Asociación Latinoamericana de Mujeres; Association of Latinamerican Women; ALAM; Stockholm, Sverige)</subfield>
  </datafield>
</record>